@inproceedings{kwak2015unsupervised,
  title={Unsupervised object discovery and tracking in video collections},
  author={Kwak, Suha and Cho, Minsu and Laptev, Ivan and Ponce, Jean and Schmid, Cordelia},
  booktitle=iccv,
  pages={3173--3181},
  year={2015}
}

@inproceedings{song14slsvm,
  Author    = {Hyun Oh Song and Yong Jae Lee and Stefanie Jegelka and Trevor Darrell},
  Title     = {Weakly-supervised Discovery of Visual Pattern Configurations},
  Booktitle = nips,
  Year      = {2014}}
  
@inproceedings{Lin:2015tn,
  title={Bilinear CNN models for fine-grained visual recognition},
  author={Lin, Tsung-Yu and RoyChowdhury, Aruni and Maji, Subhransu},
  booktitle=iccv,
  pages={1449--1457},
  year={2015}
}

@article{LeCun:1989bx,
  title={Backpropagation applied to handwritten zip code recognition},
  author={LeCun, Yann and Boser, Bernhard and Denker, John S and Henderson, Donnie and Howard, Richard E and Hubbard, Wayne and Jackel, Lawrence D},
  journal={Neural computation},
  volume={1},
  number={4},
  pages={541--551},
  year={1989},
  publisher={MIT Press}
}

@inproceedings{Torralba:2003wk,
  title={Context-based vision system for place and object recognition},
  author={Torralba, Antonio and Murphy, Kevin P and Freeman, William T and Rubin, Mark A},
  booktitle=iccv,
  pages={273--280},
  year={2003},
  organization={IEEE}
}

@article{He:2014wg,
  title={Spatial pyramid pooling in deep convolutional networks for visual recognition},
  author={He, Kaiming and Zhang, Xiangyu and Ren, Shaoqing and Sun, Jian},
  journal=pami,
  volume={37},
  number={9},
  pages={1904--1916},
  year={2015},
  publisher={IEEE}
}



@inproceedings{Rabinovich:2007wy,
  title={Objects in context},
  author={Rabinovich, Andrew and Vedaldi, Andrea and Galleguillos, Carolina and Wiewiora, Eric and Belongie, Serge},
  booktitle=iccv,
  pages={1--8},
  year={2007},
  organization={IEEE}
}

@article{Felzenszwalb:2009wx,
  title={Object detection with discriminatively trained part-based models},
  author={Felzenszwalb, Pedro F and Girshick, Ross B and McAllester, David and Ramanan, Deva},
  journal=pami,
  volume={32},
  number={9},
  pages={1627--1645},
  year={2010},
  publisher={IEEE}
}

@inproceedings{Krizhevsky:2012wl,
  title={Imagenet classification with deep convolutional neural networks},
  author={Krizhevsky, Alex and Sutskever, Ilya and Hinton, Geoffrey E},
  booktitle=nips,
  pages={1097--1105},
  year={2012}
}

@incollection{Russakovsky:2012wj,
  title={Object-centric spatial pooling for image classification},
  author={Russakovsky, Olga and Lin, Yuanqing and Yu, Kai and Fei-Fei, Li},
  booktitle=eccv,
  pages={1--15},
  year={2012},
  publisher={Springer}
}

@inproceedings{ren15fasterrcnn,
  title={Faster R-CNN: Towards real-time object detection with region proposal networks},
  author={Ren, Shaoqing and He, Kaiming and Girshick, Ross and Sun, Jian},
  booktitle=nips,
  pages={91--99},
  year={2015}
}

@inproceedings{girshick2014rich,
  title={Rich feature hierarchies for accurate object detection and semantic segmentation},
  author={Girshick, Ross and Donahue, Jeff and Darrell, Trevor and Malik, Jitendra},
  booktitle=cvpr,
  pages={580--587},
  year={2014}
}

@article{long1998pac,
  title={PAC learning axis-aligned rectangles with respect to product distributions from multiple-instance examples},
  author={Long, Philip M and Tan, Lei},
  journal={Machine Learning},
  volume={30},
  number={1},
  pages={7--21},
  year={1998},
  publisher={Springer}
}

@article{Girshick:2016ig,
  title={Region-based convolutional networks for accurate object detection and segmentation},
  author={Girshick, Ross and Donahue, Jeff and Darrell, Trevor and Malik, Jitendra},
  journal=pami,
  volume={38},
  number={1},
  pages={142--158},
  year={2016},
  publisher={IEEE}
}

@article{Anonymous:2012kg,
  title={Measuring the objectness of image windows},
  author={Alexe, Bogdan and Deselaers, Thomas and Ferrari, Vittorio},
  journal=pami,
  volume={34},
  number={11},
  pages={2189--2202},
  year={2012},
  publisher={IEEE}
}

@inproceedings{shi2012transfer,
  title={Transfer Learning by Ranking for Weakly Supervised Object Annotation.},
  author={Shi, Zhiyuan and Siva, Parthipan and Xiang, Tony and Mary, Q},
  booktitle=bmvc,
  volume={2},
  pages={5},
  year={2012},
  organization={Citeseer}
}

@article{song2014learning,
  title={On learning to localize objects with minimal supervision},
  author={Song, Hyun Oh and Girshick, Ross and Jegelka, Stefanie and Mairal, Julien and Harchaoui, Zaid and Darrell, Trevor},
  journal={arXiv preprint arXiv:1403.1024},
  year={2014}
}

@inproceedings{Siva2013,
  title={Looking beyond the image: Unsupervised learning for object saliency and detection},
  author={Siva, Parthipan and Russell, Chris and Xiang, Tao and Agapito, Lourdes},
  booktitle=cvpr,
  pages={3238--3245},
  year={2013}
}

@incollection{siva2012defence,
  title={In defence of negative mining for annotating weakly labelled data},
  author={Siva, Parthipan and Russell, Chris and Xiang, Tao},
  booktitle=eccv,
  pages={594--608},
  year={2012},
  publisher={Springer}
}

@inproceedings{Anonymous:2007fd,
  title={An exemplar model for learning object classes},
  author={Chum, Ond{\v{r}}ej and Zisserman, Andrew},
  booktitle=cvpr,
  pages={1--8},
  year={2007},
  organization={IEEE}
}



@article{Bilen:2015uo_old,
  title={Weakly Supervised Deep Detection Networks},
  author={Bilen, Hakan and Vedaldi, Andrea},
  journal={arXiv preprint arXiv:1511.02853},
  year={2015}
}

@inproceedings{Bilen:2015uo,
    title      = {Weakly Supervised Deep Detection Networks},
    author     = "Bilen, H. and Vedaldi, A.",
    booktitle  = cvpr,
    year       = {2016}
}

@article{Deselaers:2012ci,
  title={Weakly supervised localization and learning with generic knowledge},
  author={Deselaers, Thomas and Alexe, Bogdan and Ferrari, Vittorio},
  journal=ijcv,
  volume={100},
  number={3},
  pages={275--293},
  year={2012},
  publisher={Springer}
}


@article{Zhou:2015wx,
  title={Learning Deep Features for Discriminative Localization},
  author={Zhou, Bolei and Khosla, Aditya and Lapedriza, Agata and Oliva, Aude and Torralba, Antonio},
  journal={arXiv preprint arXiv:1512.04150},
  year={2015}
}

@inproceedings{Cho:2015vz,
  title={Unsupervised Object Discovery and Localization in the Wild: Part-based Matching with Bottom-up Region Proposals},
  author={Cho, Minsu and Kwak, Suha and Schmid, Cordelia and Ponce, Jean},
  booktitle=cvpr,
  pages={1201--1210},
  year={2015}
}

@inproceedings{Gidaris:2015cx,
  title={Object Detection via a Multi-Region and Semantic Segmentation-Aware CNN Model},
  author={Gidaris, Spyros and Komodakis, Nikos},
  booktitle=iccv,
  pages={1134--1142},
  year={2015}
}

@article{He:2014dz,
  title={Spatial pyramid pooling in deep convolutional networks for visual recognition},
  author={He, Kaiming and Zhang, Xiangyu and Ren, Shaoqing and Sun, Jian},
  journal=pami,
  volume={37},
  number={9},
  pages={1904--1916},
  year={2015},
  publisher={IEEE}
}

@article{Cinbis:2015wn,
  title={Weakly Supervised Object Localization with Multi-fold Multiple Instance Learning},
  author={Cinbis, Ramazan Gokberk and Verbeek, Jakob and Schmid, Cordelia},
  journal={arXiv preprint arXiv:1503.00949},
  year={2015}
}

@inproceedings{Oquab:2015us,
  title={Is object localization for free?-weakly-supervised learning with convolutional neural networks},
  author={Oquab, Maxime and Bottou, L{\'e}on and Laptev, Ivan and Sivic, Josef},
  booktitle=cvpr,
  pages={685--694},
  year={2015}
}

@incollection{Gupta:xu09Pf6c,
  title={Context as supervisory signal: Discovering objects with predictable context},
  author={Doersch, Carl and Gupta, Abhinav and Efros, Alexei A},
  booktitle=eccv,
  pages={362--377},
  year={2014},
  publisher={Springer}
}

@incollection{Wang:2014tg,
  title={Weakly supervised object localization with latent category learning},
  author={Wang, Chong and Ren, Weiqiang and Huang, Kaiqi and Tan, Tieniu},
  booktitle=eccv,
  pages={431--445},
  year={2014},
  publisher={Springer}
}


@inproceedings{Jaderberg:2015vo,
  title={Spatial transformer networks},
  author={Jaderberg, Max and Simonyan, Karen and Zisserman, Andrew and others},
  booktitle=nips,
  pages={2008--2016},
  year={2015}
}


@article{Oliva:2007ui,
  title={The role of context in object recognition},
  author={Oliva, Aude and Torralba, Antonio},
  journal={Trends in cognitive sciences},
  volume={11},
  number={12},
  pages={520--527},
  year={2007},
  publisher={Elsevier}
}



@article{maron1998framework,
  title={A framework for multiple-instance learning},
  author={Maron, Oded and Lozano-P{\'e}rez, Tom{\'a}s},
  journal=nips,
  pages={570--576},
  year={1998},
  publisher={Morgan Kaufmann Publishers}
}

@inproceedings{bilen2015weakly,
  title={Weakly supervised object detection with convex clustering},
  author={Bilen, Hakan and Pedersoli, Marco and Tuytelaars, Tinne},
  booktitle=cvpr,
  pages={1081--1089},
  year={2015}
}


@inproceedings{bilen2014weakly,
  title={Weakly supervised object detection with posterior regularization},
  author={Bilen, Hakan and Pedersoli, Marco and Tuytelaars, Tinne},
  booktitle=bmvc,
  year={2014}
}

@article{uijlings2013selective,
  title={Selective search for object recognition},
  author={Uijlings, Jasper RR and van de Sande, Koen EA and Gevers, Theo and Smeulders, Arnold WM},
  journal=ijcv,
  volume={104},
  number={2},
  pages={154--171},
  year={2013},
  publisher={Springer}
}

@inproceedings{collobert2011torch7,
  title={Torch7: A matlab-like environment for machine learning},
  author={Collobert, Ronan and Kavukcuoglu, Koray and Farabet, Cl{\'e}ment},
  booktitle={BigLearn, NIPS Workshop},
  year={2011}
}

@inproceedings{Girshick_2015_ICCV,
  title={Fast r-cnn},
  author={Girshick, Ross},
  booktitle=iccv,
  pages={1440--1448},
  year={2015}
}

@inproceedings{Gidaris_2015_ICCV,
  title={Object Detection via a Multi-Region and Semantic Segmentation-Aware CNN Model},
  author={Gidaris, Spyros and Komodakis, Nikos},
  booktitle=iccv,
  pages={1134--1142},
  year={2015}
}

@article{jia2014caffe,
  Author = {Jia, Yangqing and Shelhamer, Evan and Donahue, Jeff and Karayev, Sergey and Long, Jonathan and Girshick, Ross and Guadarrama, Sergio and Darrell, Trevor},
  Journal = {arXiv preprint arXiv:1408.5093},
  Title = {Caffe: Convolutional Architecture for Fast Feature Embedding},
  Year = {2014}
}

@article{chetlur2014cudnn,
  title={cudnn: Efficient primitives for deep learning},
  author={Chetlur, Sharan and Woolley, Cliff and Vandermersch, Philippe and Cohen, Jonathan and Tran, John and Catanzaro, Bryan and Shelhamer, Evan},
  journal={arXiv preprint arXiv:1410.0759},
  year={2014}
}

@misc{zagoruyko2015,
  author = {Zagoruyko, Sergey},
  title = {loadcaffe},
  year = {2015},
  publisher = {GitHub},
  journal = {GitHub repository},
  howpublished = {\url{https://github.com/szagoruyko/loadcaffe}},
}

@article{DBLP:journals/corr/GidarisK15a,
  title={LocNet: Improving Localization Accuracy for Object Detection},
  author={Gidaris, Spyros and Komodakis, Nikos},
  journal={arXiv preprint arXiv:1511.07763},
  year={2015}
}

@InProceedings{Chatfield14,
  author       = "Chatfield, K. and Simonyan, K. and Vedaldi, A. and Zisserman, A.",
  title        = "Return of the Devil in the Details: Delving Deep into Convolutional Nets",
  booktitle    = "British Machine Vision Conference",
  year         = "2014",
}

@misc{pascal-voc-2012,
	author = "Everingham, M. and Van~Gool, L. and Williams, C. K. I. and Winn, J. and Zisserman, A.",
	title = "The {PASCAL} {V}isual {O}bject {C}lasses {C}hallenge 2012 {(VOC2012)} {R}esults",
	howpublished = "http://www.pascal-network.org/challenges/VOC/voc2012/workshop/index.html"}	
	
@INPROCEEDINGS{desai09, 
author={C. Desai and D. Ramanan and C. Fowlkes}, 
booktitle=iccv, 
title={Discriminative models for multi-class object layout}, 
year={2009}, 
pages={229-236}, 
keywords={convex programming;image classification;learning (artificial intelligence);object recognition;parameter estimation;statistics;PASCAL VOC benchmark;convex optimization;cutting plane algorithm;max-margin learning;multiclass object recognition;nonmaxima suppression;parameter estimation;spatial co-occurrence statistics;Benchmark testing;Computer science;Detectors;Face detection;Image edge detection;Labeling;Object detection;Object recognition;Predictive models;Statistics}, 
doi={10.1109/ICCV.2009.5459256}, 
ISSN={1550-5499}, 
month={Sept},}
