@inproceedings{kwak2015unsuperviseDDD,
  title={Unsupervised object discovery and tracking in video collections},
  author={Kwak, Suha and Cho, Minsu and Laptev, Ivan and Ponce, Jean and Schmid, Cordelia},
  booktitle=iccv,
  pages={3173--3181},
  year={2015}
}
